@Manual{revolution:_2015,
  title =	 {{doParallel}: Foreach Parallel Adaptor for the
                  'parallel' Package},
  author =	 {{Revolution Analytics} and Steve Weston},
  organisation = {Microsoft Corporation},
  year =	 2015,
  note =	 {R package version 1.0.10},
  url =		 {https://CRAN.R-project.org/package=doParallel},
}

@Manual{venables_16:fractional,
  title = 	 {{fractional}: Vulgar Fractions in R},
  author = 	 {W. N. Venables},
  organization = {CSIRO, Australia},
  year = 	 2016,
  note = 	 {R package version 0.1.3}}

@Book{khovanskii_1963,
  author =	 {Alexey Nikolaevitch Khovanskii},
  title =	 {The Application of Continued Fractions and Their
                  Generalizations to Problems in Approximation Theory},
  publisher =	 {P. Noordhoff N. V.},
  year =	 1963,
  note =	 {Translated by Peter Wynn}}

@Article{liaw02:_class_regres,
  title =	 {Classification and Regression by {{\tt randomForest}}},
  author =	 {Andy Liaw and Matthew Wiener},
  journal =	 {R News},
  year =	 2002,
  volume =	 2,
  number =	 3,
  pages =	 {18-22},
  url =		 {http://CRAN.R-project.org/doc/Rnews/},
}

@Manual{ripley.12,
  title =	 {tree: Classification and Regression Trees},
  author =	 {Brian Ripley.},
  year =	 2012,
  note =	 {R package version 1.0-29},
  organization = {CRAN},
  url =		 {http://CRAN.R-project.org/package=tree},
}

@Article{RJournal:2009-2:Fox,
  author =	 {John Fox},
  title =	 {{Aspects of the Social Organization and Trajectory
                  of the {{\bf \textsf{R}}} Project}},
  journal =	 {The {{\bf \textsf{R}}} Journal},
  year =	 2009,
  volume =	 1,
  number =	 2,
  pages =	 {5--13},
  month =	 {December},
  url =
{http://journal.r-project.org/archive/2009-2/RJournal_2009-2_Fox.pdf}
}

@Article{RJournal:2011-2:Marschner,
  author =	 {Ian C. Marschner},
  title =	 {glm2: Fitting Generalized Linear Models with
                  Convergence Problems},
  journal =	 {The {{\bf \textsf{R}}} Journal},
  year =	 2011,
  volume =	 3,
  number =	 2,
  pages =	 {12--15},
  month =	 {December},
  url =
{http://journal.r-project.org/archive/2011-2/RJournal_2011-2_Marschner.pdf}
}

@Article{aitkin80:_fittin_expon_weibul_extrem_value,
  author =	 {Murray Aitkin and David Clayton},
  title =	 {The Fitting of Exponential, Weibull and Extreme
                  Value Distributions to Complex Censored Survival
                  Data Using {GLIM}},
  journal =	 {Journal of the Royal Statistical Society. Series C
                  (Applied Statistics)},
  year =	 1980,
  volume =	 29,
  pages =	 {156--163}
}


@Manual{barber12,
  title =	 {geometry: Mesh Generation and Surface Tesselation},
  author =	 {C. B. Barber and Kai Habel and Raoul Grasman and
                  Robert B. Gramacy and Andreas Stahel and David
                  C. Sterratt},
  year =	 2012,
  organization = {CRAN},
  note =	 {{{\bf R}} package version 0.3-2},
  url =		 {http://CRAN.R-project.org/package=geometry},
}

@Manual{becker12:_searc,
  title =	 {{SearchTrees}: Spatial Search Trees},
  author =	 {Gabriel Becker},
  organization = {{CRAN}},
  year =	 2012,
  note =	 {{{\bf \textsf{R}}} package version 0.5.1},
  url =		 {http://CRAN.R-project.org/package=SearchTrees},
}



@Book{becker88:_new_s_languag,
  author =	 {R. A. Becker and J. M. Chambers and A. R. Wilks},
  title =	 {The New {{\bf \textsf{S}}} Language},
  publisher =	 {Chapman \& Hall},
  year =	 1988,
  address =	 {London}
}

@Manual{borchers12,
  title =	 {{pracma}: Practical Numerical Mathematics Functions},
  author =	 {Hans W Borchers},
  year =	 2012,
  organization = {{CRAN}},
  note =	 {{{\bf \textsf{R}}} package version 1.0.5},
  url =		 {http://CRAN.R-project.org/package=pracma},
}

@Misc{buffalo12:_digit_noteb,
  author =	 {Vince Buffalo},
  title =	 {A Digital Notebook: Thoughts on {Julia} and {{\bf
                  \textsf{R}}}},
  howpublished =
{\url{http://vincebuffalo.org/2012/03/07/thoughts-on-julia.html}},
  year =	 2012
}

@Book{chambers08:_softw_data_analy,
  author =	 {John M. Chambers},
  title =	 {Software for Data Analysis: Programming with {{\bf
                  \textsf{R}}}},
  publisher =	 {Springer-Verlag},
  year =	 2008,
  address =	 {New York}
}

@Article{chambers09:_facet_r,
  author =	 {Chambers, J. M.},
  title =	 {Facets of {{\bf \textsf{R}}}},
  journal =	 {The {{\bf \textsf{R}}} Journal},
  year =	 2009,
  volume =	 1,
  pages =	 {5--8}
}

@Book{chambers92:_statis_model_s,
  author =	 {J. M. Chambers and T. J. Hastie},
  title =	 {Statistical Models in {{\bf \textsf{S}}}},
  publisher =	 {Chapman \& Hall},
  year =	 1992,
  address =	 {London}
}

@Book{chambers98:_progr_data,
  author =	 {John M. Chambers},
  title =	 {Programming with Data: A Guide to the {{\bf
                  \textsf{S}}} Language},
  publisher =	 {Springer-Verlag},
  year =	 1998,
  address =	 {New York}
}

@Article{clayton85:_em_algor_coxs_regres_model_using_glim,
  author =	 {David Clayton and Jack Cuzick},
  title =	 {The {EM} Algorithm for {Cox's} Regression Model
                  Using {GLIM}},
  journal =	 {Journal of the Royal Statistical Society. Series C
                  (Applied Statistics)},
  year =	 1985,
  volume =	 34,
  pages =	 {148-156}
}

@misc{cook12:_why_how_peopl_use_r,
  author =	 {John D. Cook},
  title =	 {Why and How People Use {{\bf \textsf{R}}}},
  howpublished =
{\url{http://channel9.msdn.com/Events/Lang-NEXT/Lang-NEXT-2012/Why-and-How-People-Use-R}},
  year =	 2012,
  note =	 {See also
                  \url{http://lambda-the-ultimate.org/node/4503} and
                  \url{http://lambda-the-ultimate.org/node/4507}}
}

@Manual{ferreira:_expdes,
  title =	 {{ExpDes}: A Package for the Analysis of Simple
                  Experimental Designs},
  author =	 {Eric Batista Ferreira and Portya Piscitelli
                  Cavalcanti and Denismar Alves Nogueira},
  year =	 2011,
  organization = {CRAN},
  note =	 {{{\bf \textsf{R}}} Package version 1.1-1},
  url =		 {http://CRAN.R-project.org/package=ExpDes}
}

@Misc{floreal12:_evaluat_desig_r_languag,
  author =	 {Flor\'eal Morandat and Brandon Hill and Leo Osvald
                  and Jan Vitek},
  title =	 {Evaluating the Design of the {{\bf \textsf{R}}}
                  Language: Objects and Functions For Data Analysis},
  howpublished =
{\url{http://www.cs.purdue.edu/homes/jv/pubs/ecoop12.pdf}},
  year =	 2012,
  note =	 {An {ECOOP} 2012 paper}
}

@Manual{hastie11,
  title =	 {princurve: Fits a Principal Curve in Arbitrary
                  Dimension},
  author =	 {Trevor Hastie},
  year =	 2011,
  organization = {CRAN},
  note =	 {{{\bf \textsf{R}}} package version 1.1-11, {{{\bf
                  \textsf{R}}}} port from the {{\bf \textsf{S}}}
                  original by Andreas Weingessel},
  url =		 {http://CRAN.R-project.org/package=princurve},
}

@Article{hastie89:_princ_curves,
  author =	 {Trevor Hastie and Werner Stuetzle},
  title =	 {Principal Curves},
  journal =	 {Journal of the American Statistical Society},
  year =	 1989,
  volume =	 84,
  pages =	 {502--516}
}

@Article{ihaka96:_r,
  author =	 {R. Ihaka and R. Gentleman},
  title =	 {{{\bf \textsf{R}}}: A language for data analysis and
                  graphics},
  journal =	 {Journal of Computational and Graphical Statistics},
  year =	 1996,
  volume =	 5,
  pages =	 {299--314}
}

@Article{lawson88:_fittin_mises_glim,
  author =	 {Andrew Lawson},
  title =	 {Fitting the von {Mises} distribution using {GLIM}},
  journal =	 {Journal of Applied Statistics},
  year =	 1988,
  volume =	 15,
  pages =	 {255--260}
}

@Manual{lees12:_peip,
  title =	 {PEIP: Functions for Aster Book on Inverse Theory},
  author =	 {Jonathan M. Lees},
  year =	 2012,
  organization = {{CRAN}},
  note =	 {{{\bf \textsf{R}}} package version 1.2},
  url =		 {http://CRAN.R-project.org/package=PEIP},
}

@Manual{marschner11,
  title =	 {glm2: Fitting Generalized Linear Models},
  author =	 {Ian C. Marschner},
  year =	 2011,
  organization = {CRAN},
  note =	 {{{\bf\textsf{R}}} package version 1.0},
  url =		 {http://CRAN.R-project.org/package=glm2},
}

@Article{ripley05:_inter_r,
  author =	 {B. D. Ripley},
  title =	 {Internationalization features of {{\bf \textsf{R}}}
                  2.1.0},
  journal =	 {{{\bf \textsf{R}}} News},
  year =	 2005,
  volume =	 5,
  pages =	 {2--7}
}

@Manual{roebuck11,
  title =	 {matlab: {MATLAB} emulation package},
  author =	 {P. Roebuck},
  year =	 2011,
  organization = {{CRAN}},
  note =	 {{{\bf \textsf{R}}} package version 0.8.9},
  url =		 {http://CRAN.R-project.org/package=matlab},
}

@Article{rubin81:_bayes_boots,
  author =	 {Donald B. Rubin},
  title =	 {The Bayesian Bootstrap},
  journal =	 {The Annals of Statistics},
  year =	 1981,
  volume =	 9,
  pages =	 {130--134}
}

@Manual{schlarmann09,
  title =	 {schoolmath: Functions and datasets for math used in
                  school},
  author =	 {Joerg Schlarmann and Josef Wienand},
  year =	 2009,
  organization = {CRAN},
  note =	 {{{\bf \textsf{R}}} package version 0.4},
  url =		 {http://CRAN.R-project.org/package=schoolmath},
}

@Article{shen08:_effic,
  author =	 {Haipeng Shen and Zhengyuan Zhu},
  title =	 {Efficient mean estimation in log-normal lineal
                  modeld},
  journal =	 {Journal of Statistical Planning and Inference},
  year =	 2008,
  volume =	 138,
  pages =	 {552--567}
}

@Manual{team12:_r,
  title =	 {{{\bf \textsf{R}}}: {A} Language and Environment for
                  Statistical Computing},
  author =	 {{{{\bf \textsf{R}}} Development Core Team}},
  organization = {{{\bf \textsf{R}}} Foundation for Statistical
                  Computing},
  address =	 {Vienna, Austria},
  year =	 2012,
  note =	 {{ISBN} 3-900051-07-0},
  url =		 {http://www.R-project.org/},
}

@Article{tierney03:_name_r,
  author =	 {L. Tierney},
  title =	 {Name space management for {{\bf \textsf{R}}}},
  journal =	 {{{\bf \textsf{R}}} News},
  year =	 2003,
  volume =	 3,
  pages =	 {2--6}
}

@Book{venables00:_s_progr,
  author =	 {W. N. Venables and B. D. Ripley},
  title =	 {{{\bf \textsf{S}}} Programming},
  publisher =	 {Sprinter-Verlag},
  year =	 2000,
  address =	 {New York}
}

@Book{venables02:_moder_applied_statis_s,
  title =	 {Modern Applied Statistics with {{\bf \textsf{S}}}},
  author =	 {W. N. Venables and B. D. Ripley},
  publisher =	 {Springer},
  edition =	 {Fourth},
  address =	 {New York},
  year =	 2002,
  note =	 {ISBN 0-387-95457-0},
  url =		 {http://www.stats.ox.ac.uk/pub/MASS4},
}

@Article{venables04:_gener_linear_model_catch_alloc,
  author =	 {William Norman Venables and Catherine Mary Dichmont},
  title =	 {A Generalized Linear Model for Catch Allocation: an
                  example from {A}ustralia's {N}orthern {P}rawn
                  {F}isherh},
  journal =	 {Fisheries Research},
  year =	 2004,
  volume =	 70,
  pages =	 {409--426}
}

@Article{venables04:_glms_gams_glmms,
  author =	 {William Norman Venables and Catherine Mary Dichmont},
  title =	 {{GLM}s, {GAM}s and {GLMM}s: an overview of the
                  theory for applications in fisheries research},
  journal =	 {Fisheries Research},
  year =	 2004,
  volume =	 70,
  pages =	 {319--337}
}

@TechReport{venables06:_species_distr_catch_alloc,
  author =	 {W. N. Venables and R. A. Kenyon and J. F. B. Bishop
                  and C. M. Dichomnt and R. A. Deng and C. Burridge
                  and B. R. Taylor and A. G. Donovan and S. E. Thomas
                  and S. J. Cheers},
  title =	 {Species Distribution and Catch Allocaktion: Data and
                  Methods for the {NPF}, 2002-2004, Final Report},
  institution =	 {Australian Fisheries Management Authority},
  year =	 2006,
  address =	 {Canberra, Australia},
  url =		 {\url{http://www.afma.gov.au}}
}

@Misc{venables98:_exeges_linear_model,
  author =	 {William Norman Venables},
  title =	 {Exegeses on Linear Models},
  howpublished =
                  {\url{http://www.stats.ox.ac.uk/pub/MASS3/Exegeses.pdf}},
  year =	 1998,
  note =	 {Paper presented to the {{\bf S-PLUS}} User's
                  Conference Washington, DC, 8-9th October, 1998}
}

@Manual{walsh11,
  title =	 {pcurve: Principal curve analysis},
  author =	 {Chris Walsh},
  year =	 2011,
  organization = {CRAN},
  note =	 {R package version 0.6-3, {{\bf S}} original by
                  Trevor Hastie {{\bf S-PLUS}} library by Glenn
                  De'ath, {{\bf R}} port by Chris Walsh},
  url =		 {http://CRAN.R-project.org/package=pcurve},
}

@Manual{wang12,
  title =	 {robust: Insightful Robust Library},
  author =	 {Jiahui Wang and Ruben Zamar and Alfio Marazzi and
                  Victor Yohai and Matias Salibian-Barrera and Ricardo
                  Maronna and Eric Zivot and David Rocke and Doug
                  Martin and Martin Maechler and Kjell Konis.},
  organization = {CRAN},
  year =	 2012,
  note =	 {{{\bf \textsf{R}}} package version 0.3-19},
  url =		 {http://CRAN.R-project.org/package=robust},
}

@Article{whitehead80:_fittin_coxs_regres_model_surviv_data_glim,
  author =	 {John Whitehead},
  title =	 {Fitting {Cox's} Regression Model to Survival Data
                  using {GLIM}},
  journal =	 {Journal of the Royal Statistical Society. Series C
                  (Applied Statistics)},
  year =	 1980,
  volume =	 29,
  pages =	 {286--275}
}

@Book{williams59:_regres_analy,
  author =	 {Williams, E. J.},
  title =	 {Regression Analysis},
  publisher =	 {Wiley},
  year =	 1959,
  address =	 {New York}
}

@Article{wood03:_thin,
  author =	 {S. N. Wood},
  title =	 {Thin-plate Regression Splines},
  journal =	 {Journal of the Royal Statistical Society ({B})},
  year =	 2003,
  volume =	 65,
  pages =	 {95--114}
}

@Article{wood04:_stabl,
  author =	 {S. N. Wood},
  title =	 {Stable and Efficient Multiple Smoothing Parameter
                  Estimation for Generalized Additive Models},
  journal =	 {Journal of the American Statistical Association},
  year =	 2004,
  volume =	 99,
  pages =	 {673--686}
}

@Book{wood06:_gener_addit_model,
  author =	 {S. N. Wood},
  title =	 {Generalized Additive Models: An Introduction with
                  {\bf \textsf{R}}},
  publisher =	 {Chapman \& Hall/CRC},
  year =	 2006
}

@Article{wood11:_fast,
  author =	 {S. N. Wood},
  title =	 {Fast Stable Restricted Maximum Likelihood and
                  Marginal Likelihood Estimation of Semiparametric
                  Generalized Linear Models},
  journal =	 {Journal of the Royal Statistical Society ({B})},
  year =	 2011,
  volume =	 73,
  pages =	 {3--36}
}




@Article{cribari-neto10:_beta_regres_r,
  author =	 {Francisco Cribari-Neto and Achim Zeileis},
  title =	 {Beta Regression in {{\bf R}}},
  journal =	 {Journal of Statistical Software},
  year =	 2010,
  url =		 {http://www.jstatsoft.org/v34/i02/},
  volume =	 34,
  number =	 2,
  pages =	 {1--24}
}

@Manual{wood11,
  title =	 {gamm4: Generalized additive mixed models using {{\tt
                  mgcv}} and {{\tt lme4}}},
  author =	 {Simon Wood},
  year =	 2011,
  organization = {CRAN},
  note =	 {R package version 0.1-5},
  url =		 {http://CRAN.R-project.org/package=gamm4}
}


@Article{lemon06:_plotr,
  year =	 2006,
  title =	 {Plotrix: a package in the red light district of
                  {{\sf R}}},
  journal =	 {R-News},
  volume =	 6,
  number =	 4,
  pages =	 {8--12},
  author =	 {James Lemon},
}

@Book{matloff11:_art_r_progr,
  author = 	 {Norm Matloff},
  title = 	 {The Art of R Programming},
  publisher = 	 {No Starch Press},
  year = 	 2011,
  address = 	 {San Francisco}
}

@Book{teetor11:_r_cookb,
  author = 	 {Paul Teetor},
  title = 	 {R Cookbook},
  publisher = 	 {O'Reilly},
  year = 	 2011,
  address = 	 {Cambridge, MS}
}

@Book{sarkar08:_lattic,
  author = 	 {Deepayan Sarkar},
  title = 	 {Lattice: Multivariate Data Visualisation with R},
  publisher = 	 {Springer-Verlag},
  year = 	 2008,
  series = 	 {UseR!},
  address = 	 {New York}
}

@Book{wickham09,
  author = 	 {Hadley Wickham},
  title = 	 {{{\tt ggplot2}}: Elegant Graphics for Data Analysis},
  publisher = 	 {Springer-Verlag},
  year = 	 2009,
  series = 	 {UseR!},
  address = 	 {New York}
}

@Book{murrell11:_r_graph,
  author = 	 {Paul Murrell},
  title = 	 {R Graphics},
  publisher = 	 {CRC Press},
  year = 	 2011,
  address = 	 {Boca Raton},
  edition = 	 {2nd}
}

@Book{quinlan93:_c4,
  author = 	 {Quinlan, R.},
  title = 	 {C4.5: {P}rograms for Machine Learning},
  publisher = 	 {Morgan Kaufmann Publishers},
  year = 	 1993,
  url =		 {http://www.rulequest.com/see5-unix.html}
}

@Manual{kuhn12:_c50,
  title =	 {C50: {C5.0} Decision Trees and Rule-Based Models},
  author =	 {Max Kuhn and Steve Weston and Nathan Coulter},
  year =	 2012,
  note =	 {R package version 0.1.0-013. {C} code for {C5.0} by
                  {R}. {Q}uinlan},
  url =		 {http://CRAN.R-project.org/package=C50}
}

@Article{buehlmann07:_boost_algor,
  author =	 {Peter Buehlmann and Torsten Hothorn},
  title =	 {Boosting Algorithms: Regularization, Prediction and
                  Model Fitting (with Discussion)},
  journal =	 { Statistical Science},
  year =	 2007,
  volume =	 22,
  pages =	 {477--505}
}

